<collection xmlns="http://www.loc.gov/MARC21/slim"><record><leader>00843nam  2200265   450</leader><controlfield tag="001">998</controlfield><controlfield tag="003">http://montalegre.opacnet.com/OPAC/default.aspx?ContentAreaControl=ShowRegHoldings.ascx&amp;RegNo=16662</controlfield><datafield tag="010" ind1=" " ind2=" "><subfield code="a">972-1-03147-X</subfield></datafield><datafield tag="021" ind1=" " ind2=" "><subfield code="a">PT</subfield><subfield code="b">41699/90</subfield></datafield><datafield tag="095" ind1=" " ind2=" "><subfield code="a">PTBN00269153</subfield></datafield><datafield tag="100" ind1=" " ind2=" "><subfield code="a">20061013d1990    m  y0pory010305  ba</subfield></datafield><datafield tag="101" ind1="1" ind2=" "><subfield code="a">por</subfield><subfield code="c">eng</subfield></datafield><datafield tag="102" ind1=" " ind2=" "><subfield code="a">PT</subfield></datafield><datafield tag="105" ind1=" " ind2=" "><subfield code="a">y   z   000ay</subfield></datafield><datafield tag="106" ind1=" " ind2=" "><subfield code="a">r</subfield></datafield><datafield tag="200" ind1="1" ind2=" "><subfield code="a">&lt;O &gt;triunfo dos porcos</subfield><subfield code="f">George Orwell</subfield><subfield code="g">trad. Madalena Esteves</subfield></datafield><datafield tag="210" ind1=" " ind2=" "><subfield code="a">Mem Martins</subfield><subfield code="c">Europa-América</subfield><subfield code="d">D.L. 1990</subfield></datafield><datafield tag="215" ind1=" " ind2=" "><subfield code="a">124, [4] p.</subfield><subfield code="d">21 cm</subfield></datafield><datafield tag="225" ind1="2" ind2=" "><subfield code="a">Século XX</subfield><subfield code="v">325</subfield></datafield><datafield tag="304" ind1=" " ind2=" "><subfield code="a">Tít. orig. : Animal farm</subfield></datafield><datafield tag="675" ind1=" " ind2=" "><subfield code="a">821</subfield><subfield code="v">BN</subfield><subfield code="z">por</subfield></datafield><datafield tag="700" ind1=" " ind2="1"><subfield code="a">Orwell</subfield><subfield code="b">George</subfield><subfield code="c">pseud.</subfield><subfield code="f">1903-1950</subfield></datafield><datafield tag="702" ind1=" " ind2="1"><subfield code="a">Esteves</subfield><subfield code="b">Maria Madalena</subfield><subfield code="4">730</subfield></datafield><datafield tag="801" ind1=" " ind2="0"><subfield code="a">PT</subfield><subfield code="b">Biblioteca Municipal de Montalegre</subfield><subfield code="g">RPC</subfield></datafield><datafield tag="856" ind1=" " ind2=" "><subfield code="u">locateMedia.asp?cod=20060705152536&amp;ext=jpg</subfield><subfield code="z">CAPA</subfield></datafield><datafield tag="909" ind1="&#9;" ind2=" "><subfield code="a">1</subfield></datafield><datafield tag="966" ind1=" " ind2=" "><subfield code="a">0009292</subfield><subfield code="l">BMM</subfield><subfield code="s">SCG 821 ORW tru 325</subfield></datafield></record></collection>